<record><leader>00000cas a22000007a 4500</leader><controlfield tag="001">18524798</controlfield><controlfield tag="008">880923d18971uuulauwr ne      0    0eng d</controlfield><datafield ind1=" " ind2=" " tag="010"><subfield code="a">sn 88064643 </subfield></datafield><datafield ind1=" " ind2=" " tag="040"><subfield code="a">LNP</subfield><subfield code="b">eng</subfield><subfield code="c">LNP</subfield><subfield code="d">OCLCQ</subfield></datafield><datafield ind1=" " ind2=" " tag="042"><subfield code="a">msc</subfield></datafield><datafield ind1="0" ind2="0" tag="245"><subfield code="a">Shreveport weekly journal.</subfield></datafield><datafield ind1="1" ind2="3" tag="246"><subfield code="a">Weekly judge</subfield></datafield><datafield ind1=" " ind2=" " tag="260"><subfield code="a">Shreveport, La. :</subfield><subfield code="b">D.F. Wadley</subfield></datafield><datafield ind1=" " ind2=" " tag="300"><subfield code="a">v.</subfield></datafield><datafield ind1=" " ind2=" " tag="310"><subfield code="a">Weekly</subfield></datafield><datafield ind1="0" ind2=" " tag="362"><subfield code="a">Vol. 1, no. 3 (Feb. 18, 1897)-</subfield></datafield><datafield ind1=" " ind2=" " tag="752"><subfield code="a">United States</subfield><subfield code="b">Louisiana</subfield><subfield code="c">Caddo</subfield><subfield code="d">Shreveport.</subfield></datafield><datafield ind1="0" ind2=" " tag="775"><subfield code="t">Shreveport evening journal (Shreveport, La. : 1897)</subfield><subfield code="w">(DLC)sn 88064639</subfield></datafield><datafield ind1="0" ind2="0" tag="780"><subfield code="t">Shreveport weekly judge</subfield><subfield code="w">(DLC)sn 88064642</subfield></datafield></record>